<?xml version="1.0" encoding="UTF-8"?><collection xmlns="http://www.loc.gov/MARC21/slim"><record><leader>00515nam--2200145-i-4500</leader><controlfield tag="001">000031949</controlfield><controlfield tag="002">20161230</controlfield><controlfield tag="005">20161230201038</controlfield><controlfield tag="008">060222s1000------------r-----000-0-eng-d</controlfield><datafield ind1=" " ind2=" " tag="080"><subfield code="a">517.982.2(047.3)</subfield></datafield><datafield ind1=" " ind2=" " tag="100"><subfield code="a">Maitre, Jean-francois</subfield></datafield><datafield ind1=" " ind2=" " tag="245"><subfield code="a">Sur certaines normes et fonctionnelles dans les espaces de matrices et d`operteurs. these</subfield></datafield><datafield ind1=" " ind2=" " tag="260"><subfield code="a">Grenoble, Universite Scientifiques Et Medicale Et Institut National Polytechnique De Grenoble, 1974. 291p</subfield></datafield><datafield ind1=" " ind2=" " tag="852"><subfield code="a">44077</subfield><subfield code="c">517.9</subfield></datafield><datafield ind1=" " ind2=" " tag="CAT"><subfield code="a">Sys</subfield><subfield code="c">20081022</subfield><subfield code="h">103755</subfield></datafield></record></collection>